@article{Hinckley2013,
author = {Hinckley, Daniel M. and Freeman, Gordon S. and Whitmer, Jonathan K. and de Pablo, Juan J.},
journal = {J. Chem. Phys.},
pages = {144903},
volume = {139},
year = {2013},
DOI= {10.1063/1.4822042}
}
@article{Arnott1976,
author = {Arnott, Struther and Campbell Smith, P J and Chandrasekaran, R.},
journal = {CRC Handbook of Biochemistry and Molecular Biology},
pages = {411--422},
publisher = {CRC Press Cleveland},
volume = {2},
year = {1976}
}
@misc{LAMMPS,
HOWPUBLISHED = "http://lammps.sandia.gov"
}
@misc{3spn2website,
HOWPUBLISHED = "molecularengineering.uchicago.edu/people/juan-de-pablo/"
}

